<?xml version="1.0" encoding="UTF-8"?><collection xmlns="http://www.loc.gov/MARC21/slim"><record><leader>00539nam--2200193-u-4500</leader><controlfield tag="001">000055804</controlfield><controlfield tag="002">20161230</controlfield><controlfield tag="005">20161230201052</controlfield><controlfield tag="008">130801s1000------------r-----000-0-eng-d</controlfield><datafield ind1=" " ind2=" " tag="040"><subfield code="a">IFIN-HH</subfield></datafield><datafield ind1=" " ind2=" " tag="080"><subfield code="a">578.087.1:519.25</subfield></datafield><datafield ind1="1" ind2=" " tag="100"><subfield code="a">Fisher, R.A</subfield></datafield><datafield ind1="1" ind2="0" tag="245"><subfield code="a">Statistical methods for research workers</subfield><subfield code="c">R.a. fisher</subfield></datafield><datafield ind1=" " ind2=" " tag="250"><subfield code="a">Eleventh Edition-revised</subfield></datafield><datafield ind1=" " ind2=" " tag="260"><subfield code="a">London</subfield><subfield code="b">Oliver And Boyd</subfield><subfield code="c">1950</subfield></datafield><datafield ind1=" " ind2=" " tag="300"><subfield code="a">XIV+354P</subfield></datafield><datafield ind1=" " ind2=" " tag="490"><subfield code="a">Biological Monographs And Manuals</subfield><subfield code="v">No. V</subfield></datafield><datafield ind1=" " ind2=" " tag="852"><subfield code="a">701</subfield><subfield code="c">519.24</subfield></datafield><datafield ind1=" " ind2=" " tag="CAT"><subfield code="a">Sys</subfield><subfield code="c">20130801</subfield><subfield code="h">125408</subfield></datafield></record></collection>